<?xml version="1.0" encoding="UTF-8" ?>
<collection xmlns:xsi="http://www.w3.org/2001/XMLSchema-instance"
    xsi:schemaLocation="http://www.loc.gov/MARC21/slim
        http://www.loc.gov/standards/marcxml/schema/MARC21slim.xsd"
    xmlns="http://www.loc.gov/MARC21/slim">
<record>
  <leader>00242cam a2200457 i 4500</leader>
  <controlfield tag="001">b12487326</controlfield>
  <controlfield tag="003">LeBAU</controlfield>
  <controlfield tag="005">20190301</controlfield>
  <controlfield tag="008">970624s1928    ua       b    ||0 0 ara d</controlfield>
  <datafield tag="035" ind1=" " ind2=" ">
    <subfield code="a">ocn784345927</subfield>
  </datafield>
  <datafield tag="040" ind1=" " ind2=" ">
    <subfield code="a">LEAUB</subfield>
    <subfield code="b">ara</subfield>
    <subfield code="e">rda</subfield>
    <subfield code="c">LEAUB</subfield>
    <subfield code="d">LEAUB</subfield>
  </datafield>
  <datafield tag="082" ind1="0" ind2="4">
    <subfield code="a">492.704</subfield>
    <subfield code="2">20</subfield>
  </datafield>
  <datafield tag="100" ind1="1" ind2=" ">
    <subfield code="6">880-01</subfield>
    <subfield code="a">Nashāshībī, Muḥammad Isʻāf,</subfield>
    <subfield code="e">author.</subfield>
  </datafield>
  <datafield tag="245" ind1="1" ind2="0">
    <subfield code="6">880-02</subfield>
    <subfield code="a">al-ʻArabīyah wa-shāʻiruhā al-akbar Aḥmad Shawqī ;</subfield>
    <subfield code="b">al-Lughah al-ʻArabīyah wa-al-Ustādh al-Rīḥānī ; al-ʻArabīyah fī  al-madrasah /</subfield>
    <subfield code="c">min inshāʼ Isʻāf al-Nashāshībī, al-mufattish al-ʻāmm lil-lughah al-ʻArabīyah fī idārat maʻārif Filasṭīn, wa-al-ʻudw fī al-Majmaʻ al-ʻIlmī al-ʻArabī fī al-Shām.</subfield>
  </datafield>
  <datafield tag="264" ind1=" " ind2="1">
    <subfield code="6">880-03</subfield>
    <subfield code="a">Miṣr :</subfield>
    <subfield code="b">Maṭbaʻat al-Maʻārif wa-Maktabatahā,</subfield>
    <subfield code="c">1346 H. = 1928 M.</subfield>
  </datafield>
  <datafield tag="300" ind1=" " ind2=" ">
    <subfield code="6">880-04</subfield>
    <subfield code="a">52 pages ;</subfield>
    <subfield code="c">23 cm</subfield>
  </datafield>
  <datafield tag="336" ind1=" " ind2=" ">
    <subfield code="a">text</subfield>
    <subfield code="b">txt</subfield>
    <subfield code="2">rdacontent</subfield>
  </datafield>
  <datafield tag="337" ind1=" " ind2=" ">
    <subfield code="a">unmediated</subfield>
    <subfield code="b">n</subfield>
    <subfield code="2">rdamedia</subfield>
  </datafield>
  <datafield tag="338" ind1=" " ind2=" ">
    <subfield code="a">volume</subfield>
    <subfield code="b">nc</subfield>
    <subfield code="2">rdacarrier</subfield>
  </datafield>
  <datafield tag="504" ind1=" " ind2=" ">
    <subfield code="a">يتضمن مراجع ببليوغرافية.</subfield>
  </datafield>
  <datafield tag="590" ind1=" " ind2=" ">
    <subfield code="a">صفحة عنوان النسخة الأولى مصورة.</subfield>
  </datafield>
  <datafield tag="600" ind1="1" ind2="4">
    <subfield code="a">شوقي، أحمد،</subfield>
    <subfield code="d">1868-1932</subfield>
    <subfield code="x">اللغة.</subfield>
  </datafield>
  <datafield tag="600" ind1="1" ind2="4">
    <subfield code="a">الريحاني، أمين فارس،</subfield>
    <subfield code="d">1876-1940</subfield>
    <subfield code="x">اللغة.</subfield>
  </datafield>
  <datafield tag="600" ind1="1" ind2="0">
    <subfield code="a">Shawqī, Aḥmad,</subfield>
    <subfield code="d">1868-1932</subfield>
    <subfield code="x">Language.</subfield>
  </datafield>
  <datafield tag="600" ind1="1" ind2="0">
    <subfield code="a">Rihani, Ameen Fares,</subfield>
    <subfield code="d">1876-1940</subfield>
    <subfield code="x">Language.</subfield>
  </datafield>
  <datafield tag="650" ind1=" " ind2="4">
    <subfield code="a">اللغة العربية.</subfield>
  </datafield>
  <datafield tag="650" ind1=" " ind2="0">
    <subfield code="a">Arabic language.</subfield>
  </datafield>
  <datafield tag="700" ind1="1" ind2="2">
    <subfield code="6">880-05/(B</subfield>
    <subfield code="a">Nashāshībī, Muḥammad Isʻāf.</subfield>
    <subfield code="t">Lughah al-ʻArabīyah wa-al-Ustādh al-Rīḥānī.</subfield>
  </datafield>
  <datafield tag="700" ind1="1" ind2="2">
    <subfield code="6">880-06/(B</subfield>
    <subfield code="a">Nashāshībī, Muḥammad Isʻāf.</subfield>
    <subfield code="t">ʻArabīyah fī al-madrasah.</subfield>
  </datafield>
  <datafield tag="852" ind1=" " ind2=" ">
    <subfield code="a">Jafet Library</subfield>
    <subfield code="e">American University of Beirut, Bliss Street , Beirut, Lebanon.</subfield>
  </datafield>
  <datafield tag="880" ind1="1" ind2=" ">
    <subfield code="6">100-01/(3/r</subfield>
    <subfield code="a">النشاشيبي، محمد اسعاف،</subfield>
    <subfield code="e">مؤلف. </subfield>
    <subfield code="4">aut.</subfield>
  </datafield>
  <datafield tag="880" ind1="1" ind2="3">
    <subfield code="6">245-02/(3/r</subfield>
    <subfield code="a">لعربية وشاعرها الأكبر أحمد شوقي ؛</subfield>
    <subfield code="b">اللغة العربية والأستاذ الريحاني : العربية في المدرسة /</subfield>
    <subfield code="c">من إنشاء إسعاف النشاشيبي، المفتش العام للغة العربية في إدارة معارف فلسطين، والعضو في المجمع العلمي العربي في الشام.</subfield>
  </datafield>
  <datafield tag="880" ind1=" " ind2=" ">
    <subfield code="6">300-04/(3/r</subfield>
    <subfield code="a">52 صفحة ؛</subfield>
    <subfield code="c">23 سم</subfield>
  </datafield>
  <datafield tag="880" ind1=" " ind2="1">
    <subfield code="6">264-03/(3/r</subfield>
    <subfield code="a">مصر :</subfield>
    <subfield code="b">مطبعة المعارف ومكتبتها،</subfield>
    <subfield code="c">1346 هـ. = 1928 م.</subfield>
  </datafield>
  <datafield tag="880" ind1="1" ind2="2">
    <subfield code="6">700-05/(3/r</subfield>
    <subfield code="a">النشاشيبي، محمد اسعاف.</subfield>
    <subfield code="t">اللغة العربية والأستاذ الريحاني.</subfield>
  </datafield>
  <datafield tag="880" ind1="1" ind2="2">
    <subfield code="6">700-06/(3/r</subfield>
    <subfield code="a">النشاشيبي، محمد اسعاف.</subfield>
    <subfield code="t">العربية في المدرسة.</subfield>
  </datafield>
  <datafield tag="907" ind1=" " ind2=" ">
    <subfield code="a">.b12487326</subfield>
    <subfield code="b">19-03-20</subfield>
    <subfield code="c">11-05-24</subfield>
  </datafield>
  <datafield tag="907" ind1=" " ind2=" ">
    <subfield code="a">.b12487326</subfield>
    <subfield code="b">11-10-11</subfield>
    <subfield code="c">11-05-24</subfield>
  </datafield>
  <datafield tag="945" ind1=" " ind2=" ">
    <subfield code="f">J</subfield>
    <subfield code="a">492.704:N251aA:c.1</subfield>
    <subfield code="i">01026976</subfield>
    <subfield code="j">.i12978991</subfield>
    <subfield code="l">u0503</subfield>
  </datafield>
  <datafield tag="945" ind1=" " ind2=" ">
    <subfield code="f">J</subfield>
    <subfield code="a">492.704:N251aA:c.2</subfield>
    <subfield code="i">01026977</subfield>
    <subfield code="j">.i12979004</subfield>
    <subfield code="l">u0503</subfield>
  </datafield>
  <datafield tag="998" ind1=" " ind2=" ">
    <subfield code="a">u05</subfield>
    <subfield code="b">97-06-24</subfield>
    <subfield code="c">m</subfield>
    <subfield code="d">a  </subfield>
    <subfield code="e">-</subfield>
    <subfield code="f">ara</subfield>
    <subfield code="g">ua </subfield>
    <subfield code="h">0</subfield>
    <subfield code="i">2</subfield>
  </datafield>
</record>
</collection>
